% Encoding: windows-1252

@InProceedings{Khalil2017,
  author        = {Khalil, Rami and Gervais, Arthur},
  title         = {{REVIVE: Rebalancing O -Blockchain Payment Networks}},
  booktitle     = {Proc. of CCS},
  year          = {2017},
  __markedentry = {[qhuang:6]},
}

@article{DBLP:journals/corr/LindEPS16,
  author    = {Joshua Lind and
               Ittay Eyal and
               Peter R. Pietzuch and
               Emin G{\"{u}}n Sirer},
  title     = {Teechan: Payment Channels Using Trusted Execution Environments},
  journal   = {CoRR},
  volume    = {abs/1612.07766},
  year      = {2016},
  url       = {http://arxiv.org/abs/1612.07766},
  archivePrefix = {arXiv},
  eprint    = {1612.07766},
  timestamp = {Wed, 07 Jun 2017 14:40:08 +0200},
  biburl    = {https://dblp.org/rec/bib/journals/corr/LindEPS16},
  bibsource = {dblp computer science bibliography, https://dblp.org}
}

@article{poon2015bitcoin,
  title={The bitcoin lightning network},
  author={Poon, Joseph and Dryja, Thaddeus},
  journal={cit. on},
  year={2015}
}

@article{nakamoto2008bitcoin,
  title={Bitcoin: A peer-to-peer electronic cash system},
  author={Nakamoto, Satoshi},
  year={2008}
}

@online{LND,
  author = {Poon, Joseph and Osuntokun, Olaoluwa},
  title = {Lightning Network Daemon},
  year = 2018,
  url = {https://github.com/lightningnetwork/lnd},
  urldate = {2018-05-09}
}

@Comment{jabref-meta: databaseType:bibtex;}
